@misc{https://doi.org/10.48550/arxiv.2202.04579,
  doi = {10.48550/ARXIV.2202.04579},
  url = {https://arxiv.org/abs/2202.04579},
  author = {Bodnar, Cristian and Di Giovanni, Francesco and Chamberlain, Benjamin Paul and Li√≤, Pietro and Bronstein, Michael M.},
  keywords = {Machine Learning (cs.LG), Algebraic Topology (math.AT), FOS: Computer and information sciences, FOS: Computer and information sciences, FOS: Mathematics, FOS: Mathematics},
  title = {Neural Sheaf Diffusion: A Topological Perspective on Heterophily and Oversmoothing in GNNs},
  publisher = {arXiv},
  year = {2022},
  copyright = {arXiv.org perpetual, non-exclusive license}
}


@misc{nlab:quiver,
  author = {{nLab authors}},
  title = {quiver},
  howpublished = {\url{https://ncatlab.org/nlab/show/quiver}},
  note = {\href{https://ncatlab.org/nlab/revision/quiver/50}{Revision 50}},
  month = oct,
  year = 2022
}

@article{Berkolaiko_2013,
	doi = {10.2140/apde.2013.6.1213},
	url = {https://doi.org/10.2140\%2Fapde.2013.6.1213},
	year = 2013,
	month = {nov},
	publisher = {Mathematical Sciences Publishers},
	volume = {6},
	number = {5},
	pages = {1213--1233},
	author = {Gregory Berkolaiko},
	title = {Nodal count of graph eigenfunctions via magnetic perturbation},
	journal = {Analysis; PDE}
}

@article{10.1007/BFb0081739,
    author="Gromov, M.",
    editor="Lindenstrauss, Joram
    and Milman, Vitali D.",
    title="Dimension, non-linear spectra and width",
    booktitle="Geometric Aspects of Functional Analysis",
    year="1988",
    publisher="Springer Berlin Heidelberg",
    address="Berlin, Heidelberg",
    pages="132--184",
    abstract="This talk presents a Morse-theoretic overview of some well known results and less known problems in spectral geometry and approximation theory.",
    isbn="978-3-540-39235-4"
}

