@article{article,
  author  = {Authors},
  title   = {The title of the work},
  journal = {The name of the journal},
  year    = 2019,
}
